[gd_scene load_steps=13 format=3 uid="uid://bb2usr0le4x15"]

[ext_resource type="Texture2D" uid="uid://ca7xl6kbuxvpj" path="res://Sprites/Traps/Blocks/HitTop (22x22).png" id="1_2fmhg"]
[ext_resource type="Script" path="res://Scripts/item_block.gd" id="1_pas5f"]
[ext_resource type="Texture2D" uid="uid://buqjcgjcrun4d" path="res://Sprites/Traps/Blocks/Idle.png" id="2_tklus"]
[ext_resource type="Texture2D" uid="uid://iqb6w0ctkd2m" path="res://Sprites/Other/Dust Particle.png" id="4_id7l1"]
[ext_resource type="Curve" uid="uid://b1e0ttnxk8dts" path="res://Objects/block_explosion_curve.tres" id="5_0teas"]
[ext_resource type="AudioStream" uid="uid://bs75d275rrkcr" path="res://SFX/rock-smash.mp3" id="6_3sn0n"]

[sub_resource type="AtlasTexture" id="AtlasTexture_n6bjm"]
atlas = ExtResource("1_2fmhg")
region = Rect2(0, 0, 22, 22)

[sub_resource type="AtlasTexture" id="AtlasTexture_6bp4i"]
atlas = ExtResource("1_2fmhg")
region = Rect2(22, 0, 22, 22)

[sub_resource type="AtlasTexture" id="AtlasTexture_7gxyt"]
atlas = ExtResource("1_2fmhg")
region = Rect2(44, 0, 22, 22)

[sub_resource type="SpriteFrames" id="SpriteFrames_mexvk"]
animations = [{
"frames": [{
"duration": 1.0,
"texture": SubResource("AtlasTexture_n6bjm")
}, {
"duration": 1.0,
"texture": SubResource("AtlasTexture_6bp4i")
}, {
"duration": 1.0,
"texture": SubResource("AtlasTexture_7gxyt")
}],
"loop": true,
"name": &"hit_top",
"speed": 15.0
}, {
"frames": [{
"duration": 1.0,
"texture": ExtResource("2_tklus")
}],
"loop": true,
"name": &"idle",
"speed": 5.0
}]

[sub_resource type="RectangleShape2D" id="RectangleShape2D_scsjl"]
size = Vector2(14, 1)

[sub_resource type="RectangleShape2D" id="RectangleShape2D_kqrwq"]
size = Vector2(14, 14)

[node name="breakable_block" type="Area2D"]
script = ExtResource("1_pas5f")

[node name="AnimatedSprite2D" type="AnimatedSprite2D" parent="."]
sprite_frames = SubResource("SpriteFrames_mexvk")
animation = &"idle"

[node name="CollisionShape2D" type="CollisionShape2D" parent="."]
position = Vector2(0, 7.5)
shape = SubResource("RectangleShape2D_scsjl")

[node name="item_block_area" type="StaticBody2D" parent="."]

[node name="CollisionShape2D2" type="CollisionShape2D" parent="item_block_area"]
shape = SubResource("RectangleShape2D_kqrwq")

[node name="CPUParticles2D" type="CPUParticles2D" parent="."]
emitting = false
amount = 400
lifetime = 0.4
one_shot = true
explosiveness = 1.0
randomness = 0.2
lifetime_randomness = 1.0
texture = ExtResource("4_id7l1")
emission_shape = 3
emission_rect_extents = Vector2(8, 8)
spread = 5.0
gravity = Vector2(0, 500)
radial_accel_min = 0.1
radial_accel_max = 1.0
radial_accel_curve = ExtResource("5_0teas")
scale_amount_min = 0.1
scale_amount_max = 0.3

[node name="AudioStreamPlayer2D" type="AudioStreamPlayer2D" parent="."]
stream = ExtResource("6_3sn0n")

[connection signal="body_entered" from="." to="." method="_on_body_entered"]
